@inproceedings{AcarBlHaViWo04,
  author =       "Umut A. Acar and Guy E. Blelloch and Robert Harper and Jorge L. Vittes and Maverick Woo",
  title =        "Dynamizing Static Algorithms with Applications to Dynamic Trees and History Independence",
  booktitle =    "ACM-SIAM Symposium on Discrete Algorithms",
  pages = {531--540},
  year =         "2004"
}

@inproceedings{AcarBlVi05,
  author =       "Umut A. Acar and Guy E. Blelloch and Jorge L. Vittes",
  title =        "An Experimental Analysis of Change Propagation in Dynamic Trees",
  booktitle =    "Workshop on Algorithm Engineering and Experimentation",
  year =         "2005"
}


@inproceedings{AcarChRa11,
author = "Umut A. Acar and Arthur Chargu{\'e}raud and Mike Rainey",
title = "Oracle Scheduling: Controlling Granularity in Implicitly Parallel Languages",
booktitle = "{ACM SIGPLAN} Conference on Object-Oriented Programming, Systems, Languages, and Applications ({OOPSLA})",
year = 2011
}

@inproceedings{AcarChRa14gs,
author = "Umut A. Acar and Arthur Chargueraud and Mike Rainey",
title = "Data Structures and Algorithms for Robust and Fast Parallel Graph Search",
booktitle = "Submitted for publication",
year = 2014,
note="\url{http://gallium.inria.fr/~rainey/parallel-graph-search.pdf}"
}

@article{JFP:8669069,
author = {Bergstrom, Lars and Fluet, Matthew and Rainey, Mike and Reppy, John and Shaw, Adam},
title = {Lazy tree splitting},
journal = {Journal of Functional Programming},
volume = {22},
issue = {Special Issue 4-5},
month = {9},
year = {2012},
issn = {1469-7653},
pages = {382--438},
numpages = {57},
doi = {10.1017/S0956796812000172},
URL = {http://journals.cambridge.org/article_S0956796812000172},
}

@inproceedings{CongKoKrLeSa08,
  author    = {Guojing Cong and
               Sreedhar B. Kodali and
               Sriram Krishnamoorthy and
               Doug Lea and
               Vijay A. Saraswat and
               Tong Wen},
  title     = {Solving Large, Irregular Graph Problems Using Adaptive Work-Stealing},
  booktitle = {ICPP},
  year      = {2008},
  pages     = {536-545}
}

@inproceedings{lee2013fly,
  title={On-the-fly pipeline parallelism},
  author={Lee, I and Angelina, Ting and Leiserson, Charles E and Schardl, Tao B and Sukha, Jim and Zhang, Zhunping},
  booktitle={Proceedings of the 25th ACM symposium on Parallelism in algorithms and architectures},
  pages={140--151},
  year={2013},
  organization={ACM}
}

@inproceedings{lazy-binary-splitting,
  author = {Alexandros Tzannes and George C. Caragea and Rajeev Barua and Uzi Vishkin},
  title = {Lazy binary-splitting: a run-time adaptive work-stealing scheduler},
  booktitle = {PPoPP '10},
  year = {2010},
  OPTmonth = feb,
  pages = {179--190}
}

@Book{AB-book,
  author =       "Umut A. Acar and Guy Blelloch",
  title =        "Principles of Parallel Algorithms and Programming",
  publisher =    "",
  year =         "",
  note = "http://www.alpha-lambda-book.com"
}
